<record><leader>00000cas a22000007a 4500</leader><controlfield tag="001">10210352</controlfield><controlfield tag="008">831212d18891902ksuwr ne      0   a0eng d</controlfield><datafield ind1=" " ind2=" " tag="010"><subfield code="a">sn 83040838 </subfield></datafield><datafield ind1=" " ind2=" " tag="040"><subfield code="a">KSH</subfield><subfield code="b">eng</subfield><subfield code="c">KSH</subfield><subfield code="d">NPT</subfield><subfield code="d">OCLCQ</subfield></datafield><datafield ind1=" " ind2=" " tag="042"><subfield code="a">msc</subfield></datafield><datafield ind1=" " ind2=" " tag="043"><subfield code="a">n-us-ks</subfield></datafield><datafield ind1="0" ind2="4" tag="245"><subfield code="a">The Concordia blade.</subfield></datafield><datafield ind1=" " ind2=" " tag="260"><subfield code="a">Concordia, Kan. :</subfield><subfield code="b">Blade Pub. House,</subfield><subfield code="c">1889-1902.</subfield></datafield><datafield ind1=" " ind2=" " tag="300"><subfield code="a">14 v. :</subfield><subfield code="b">ill. (chiefly advertisements) ;</subfield><subfield code="c">64 cm.</subfield></datafield><datafield ind1=" " ind2=" " tag="310"><subfield code="a">Weekly</subfield></datafield><datafield ind1="0" ind2=" " tag="362"><subfield code="a">Vol. 11, no. 4 (Jan. 25, 1889)-v. 24, no. 21 (May 22, 1902).</subfield></datafield><datafield ind1=" " ind2=" " tag="500"><subfield code="a">"Republican."</subfield></datafield><datafield ind1=" " ind2=" " tag="752"><subfield code="a">United States</subfield><subfield code="b">Kansas</subfield><subfield code="c">Cloud</subfield><subfield code="d">Concordia.</subfield></datafield><datafield ind1="0" ind2="0" tag="780"><subfield code="t">Kansas weekly blade</subfield><subfield code="w">(DLC)sn 83040837</subfield></datafield><datafield ind1="0" ind2="7" tag="785"><subfield code="t">Concordia empire (Concordia, Kan. : 1901)</subfield><subfield code="w">(DLC)sn 83040846</subfield></datafield><datafield ind1="0" ind2="7" tag="785"><subfield code="t">Blade and empire</subfield><subfield code="w">(DLC)sn 83040845</subfield></datafield></record>